@article {picken_holonomy,
    AUTHOR = {Caetano, A. and Picken, R. F.},
     TITLE = {An axiomatic definition of holonomy},
   JOURNAL = {Internat. J. Math.},
  FJOURNAL = {International Journal of Mathematics},
    VOLUME = {5},
      YEAR = {1994},
    NUMBER = {6},
     PAGES = {835--848},
      ISSN = {0129-167X},
   MRCLASS = {53C05 (53C80)},
  MRNUMBER = {MR1298997 (95k:53031)},
MRREVIEWER = {Michael Murray},
       DOI = {10.1142/S0129167X94000425},
       URL = {http://dx.doi.org/10.1142/S0129167X94000425},
}


@article {picken_faria,
    AUTHOR = {Martins, Jo{\~a}o Faria and Picken, Roger},
     TITLE = {On two-dimensional holonomy},
   JOURNAL = {Trans. Amer. Math. Soc.},
  FJOURNAL = {Transactions of the American Mathematical Society},
    VOLUME = {362},
      YEAR = {2010},
    NUMBER = {11},
     PAGES = {5657--5695},
      ISSN = {0002-9947},
     CODEN = {TAMTAM},
   MRCLASS = {53C29 (18D05)},
  MRNUMBER = {2661492},
       DOI = {10.1090/S0002-9947-2010-04857-3},
       URL = {http://dx.doi.org/10.1090/S0002-9947-2010-04857-3},
}


@MISC{baez-2004,
  author = {John Baez and Urs Schreiber},
  title = {Higher Gauge Theory: 2-Connections on 2-Bundles},
  url = {http://www.citebase.org/abstract?id=oai:arXiv.org:hep-th/0412325},
  year = {2004}
}

@incollection{baezhigher,
    AUTHOR = {Baez, John C. and Schreiber, Urs},
     TITLE = {Higher gauge theory},
 BOOKTITLE = {Categories in algebra, geometry and mathematical physics},
    SERIES = {Contemp. Math.},
    VOLUME = {431},
     PAGES = {7--30},
 PUBLISHER = {Amer. Math. Soc.},
   ADDRESS = {Providence, RI},
      YEAR = {2007},
   MRCLASS = {53C29 (18D99 22A22 53C07 55R65)},
  MRNUMBER = {MR2342821 (2008k:53099)},
MRREVIEWER = {Michael Murray},
}

@mastersthesis{nelson,
AUTHOR = {Batalha, Nelson},
TITLE = {On the existence of categorical connections},
YEAR = {2010},
SCHOOL = {Departamento de Matemática, Instituto Superior Técnico},
}

@book {kobayashi1,
    AUTHOR = {Kobayashi, Shoshichi and Nomizu, Katsumi},
     TITLE = {Foundations of differential geometry. {V}ol {I}},
 PUBLISHER = {Interscience Publishers, a division of John Wiley \& Sons, New
              York-Lond on},
      YEAR = {1963},
     PAGES = {xi+329},
   MRCLASS = {53.00},
  MRNUMBER = {MR0152974 (27 \#2945)},
MRREVIEWER = {J. Eells},
}

@book {husemoller,
    AUTHOR = {Husemoller, Dale},
     TITLE = {Fibre bundles},
    SERIES = {Graduate Texts in Mathematics},
    VOLUME = {20},
   EDITION = {Third},
 PUBLISHER = {Springer-Verlag},
   ADDRESS = {New York},
      YEAR = {1994},
     PAGES = {xx+353},
      ISBN = {0-387-94087-1},
   MRCLASS = {55-01 (19Lxx 55-02 55Rxx 57R20 57R22)},
  MRNUMBER = {MR1249482 (94k:55001)},
MRREVIEWER = {Jo{\v{z}}e Vrabec},
}
