@article {ncatsbaez,
    AUTHOR = {Baez, John C. and Dolan, James},
     TITLE = {Higher-dimensional algebra. {III}. {$n$}-categories and the
              algebra of opetopes},
   JOURNAL = {Adv. Math.},
  FJOURNAL = {Advances in Mathematics},
    VOLUME = {135},
      YEAR = {1998},
    NUMBER = {2},
     PAGES = {145--206},
      ISSN = {0001-8708},
     CODEN = {ADMTA4},
   MRCLASS = {18D05 (08C05 18D20 81T99)},
  MRNUMBER = {MR1620826 (99j:18005)},
MRREVIEWER = {Pilar C. Carrasco},
       DOI = {10.1006/aima.1997.1695},
       URL = {http://dx.doi.org/10.1006/aima.1997.1695},
}

@incollection {categorification,
    AUTHOR = {Baez, John C. and Dolan, James},
     TITLE = {Categorification},
 BOOKTITLE = {Higher category theory ({E}vanston, {IL}, 1997)},
    SERIES = {Contemp. Math.},
    VOLUME = {230},
     PAGES = {1--36},
 PUBLISHER = {Amer. Math. Soc.},
   ADDRESS = {Providence, RI},
      YEAR = {1998},
   MRCLASS = {18G30 (18D05 55P15)},
  MRNUMBER = {MR1664990 (99k:18016)},
}

@article {MR2068521,
    AUTHOR = {Baez, John C. and Lauda, Aaron D.},
     TITLE = {Higher-dimensional algebra. {V}. 2-groups},
   JOURNAL = {Theory Appl. Categ.},
  FJOURNAL = {Theory and Applications of Categories},
    VOLUME = {12},
      YEAR = {2004},
     PAGES = {423--491 (electronic)},
      ISSN = {1201-561X},
   MRCLASS = {18D05 (18D10 20J06)},
  MRNUMBER = {MR2068521 (2005m:18005)},
MRREVIEWER = {R. H. Street},
}


@article {ehresmann,
    AUTHOR = {Ehresmann, Charles},
     TITLE = {Cat\'egories structur\'ees},
   JOURNAL = {Ann. Sci. \'Ecole Norm. Sup. (3)},
  FJOURNAL = {Annales Scientifiques de l'\'Ecole Normale Sup\'erieure.
              Troisi\`eme S\'erie},
    VOLUME = {80},
      YEAR = {1963},
     PAGES = {349--426},
      ISSN = {0012-9593},
   MRCLASS = {18.10},
  MRNUMBER = {MR0197529 (33 \#5694)},
MRREVIEWER = {P. J. Hilton},
}



@book {maclane,
    AUTHOR = {Mac Lane, Saunders},
     TITLE = {Categories for the working mathematician},
    SERIES = {Graduate Texts in Mathematics},
    VOLUME = {5},
   EDITION = {Second},
 PUBLISHER = {Springer-Verlag},
   ADDRESS = {New York},
      YEAR = {1998},
     PAGES = {xii+314},
      ISBN = {0-387-98403-8},
   MRCLASS = {18-02},
  MRNUMBER = {MR1712872 (2001j:18001)},
}

@book {bott,
    AUTHOR = {Bott, Raoul and Tu, Loring W.},
     TITLE = {Differential forms in algebraic topology},
    SERIES = {Graduate Texts in Mathematics},
    VOLUME = {82},
 PUBLISHER = {Springer-Verlag},
   ADDRESS = {New York},
      YEAR = {1982},
     PAGES = {xiv+331},
      ISBN = {0-387-90613-4},
   MRCLASS = {57R19 (55-02 58-01 58A12)},
  MRNUMBER = {MR658304 (83i:57016)},
MRREVIEWER = {Hansklaus Rummler},
}

@book {bredon,
    AUTHOR = {Bredon, Glen E.},
     TITLE = {Sheaf theory},
    SERIES = {Graduate Texts in Mathematics},
    VOLUME = {170},
   EDITION = {Second},
 PUBLISHER = {Springer-Verlag},
   ADDRESS = {New York},
      YEAR = {1997},
     PAGES = {xii+502},
      ISBN = {0-387-94905-4},
   MRCLASS = {55N30 (18F20 54B40 55-02)},
  MRNUMBER = {MR1481706 (98g:55005)},
}



@MISC{baezsmooth,
  author = {John C. Baez and Alexander E. Hoffnung},
  title = {Convenient Categories of Smooth Spaces},
  url = {http://www.citebase.org/abstract?id=oai:arXiv.org:0807.1704},
  year = {2008}
}

@book {brocker,
    AUTHOR = {Br{\"o}cker, Theodor and tom Dieck, Tammo},
     TITLE = {Representations of compact {L}ie groups},
    SERIES = {Graduate Texts in Mathematics},
    VOLUME = {98},
 PUBLISHER = {Springer-Verlag},
   ADDRESS = {New York},
      YEAR = {1985},
     PAGES = {x+313},
      ISBN = {0-387-13678-9},
   MRCLASS = {22E45 (57-01)},
  MRNUMBER = {MR781344 (86i:22023)},
MRREVIEWER = {R. Schultz},
}

@ARTICLE{picken-2004-4,
  author = {Picken, R. F.},
  title = {TQFT's and gerbes},
  journal = {ALGEBR.GEOM.TOPOL.},
  volume = {4},
  pages = {243},
  url = {http://www.citebase.org/abstract?id=oai:arXiv.org:math/0302065},
  year = {2004}
}





@article {baezloops,
    AUTHOR = {Baez, John C. and Stevenson, Danny and Crans, Alissa S. and
              Schreiber, Urs},
     TITLE = {From loop groups to 2-groups},
   JOURNAL = {Homology, Homotopy Appl.},
  FJOURNAL = {Homology, Homotopy and Applications},
    VOLUME = {9},
      YEAR = {2007},
    NUMBER = {2},
     PAGES = {101--135},
      ISSN = {1532-0073},
   MRCLASS = {22E67 (17B99 18D05)},
  MRNUMBER = {MR2366945 (2009c:22022)},
MRREVIEWER = {Michael Murray},
}

@article {picken_parallel,
    AUTHOR = {Mackaay, Marco and Picken, R. F.},
     TITLE = {Holonomy and parallel transport for abelian gerbes},
   JOURNAL = {Adv. Math.},
  FJOURNAL = {Advances in Mathematics},
    VOLUME = {170},
      YEAR = {2002},
    NUMBER = {2},
     PAGES = {287--339},
      ISSN = {0001-8708},
     CODEN = {ADMTA4},
   MRCLASS = {53C29 (55R65)},
  MRNUMBER = {MR1932333 (2004a:53052)},
MRREVIEWER = {Adrian Clingher},
       URL =
              {http://www.sciencedirect.com/science?_ob=GatewayURL&_origin=MR&_method=citationSearch&_piikey=S0001870802920852&_version=1&md5=9b1edfb97d8c13f724706b087a211956},
}

@incollection {hitchin,
    AUTHOR = {Hitchin, Nigel},
     TITLE = {Lectures on special {L}agrangian submanifolds},
 BOOKTITLE = {Winter {S}chool on {M}irror {S}ymmetry, {V}ector {B}undles and
              {L}agrangian {S}ubmanifolds ({C}ambridge, {MA}, 1999)},
    SERIES = {AMS/IP Stud. Adv. Math.},
    VOLUME = {23},
     PAGES = {151--182},
 PUBLISHER = {Amer. Math. Soc.},
   ADDRESS = {Providence, RI},
      YEAR = {2001},
   MRCLASS = {53C38 (32Q25 53D12 55R65)},
  MRNUMBER = {MR1876068 (2003f:53086)},
MRREVIEWER = {Sema Salur},
}

@phdthesis {chatterjee,
    AUTHOR = {Chatterjee, David Saumitra},
     TITLE = {On Gerbs},
      YEAR = {1998},
    SCHOOL = {Trinity College, Cambridge},
     howpublished={\url{http://people.maths.ox.ac.uk/~hitchin/hitchinstudents/chatterjee.pdf}}
}

@book {giraud,
    AUTHOR = {Giraud, Jean},
     TITLE = {Cohomologie non ab\'elienne},
      NOTE = {Die Grundlehren der mathematischen Wissenschaften, Band 179},
 PUBLISHER = {Springer-Verlag},
   ADDRESS = {Berlin},
      YEAR = {1971},
     PAGES = {ix+467},
   MRCLASS = {14F20 (14L99 18D30 18F20 55B99 55F65)},
  MRNUMBER = {MR0344253 (49 \#8992)},
MRREVIEWER = {R. T. Hoobler},
}

@book {brylinski,
    AUTHOR = {Brylinski, Jean-Luc},
     TITLE = {Loop spaces, characteristic classes and geometric
              quantization},
    SERIES = {Progress in Mathematics},
    VOLUME = {107},
 PUBLISHER = {Birkh\"auser Boston Inc.},
   ADDRESS = {Boston, MA},
      YEAR = {1993},
     PAGES = {xvi+300},
      ISBN = {0-8176-3644-7},
   MRCLASS = {57Rxx (18G50 55P35 58F06)},
  MRNUMBER = {MR1197353 (94b:57030)},
MRREVIEWER = {Daniel S. Freed},
}



@MISC{breen-2001,
  author = {Breen, Lawrence and Messing, William},
  title = {Differential Geometry of Gerbes},
  url = {http://www.citebase.org/abstract?id=oai:arXiv.org:math/0106083},
  year = {2001}
}



@book {husemoller,
    AUTHOR = {Husemoller, Dale},
     TITLE = {Fibre bundles},
    SERIES = {Graduate Texts in Mathematics},
    VOLUME = {20},
   EDITION = {Third},
 PUBLISHER = {Springer-Verlag},
   ADDRESS = {New York},
      YEAR = {1994},
     PAGES = {xx+353},
      ISBN = {0-387-94087-1},
   MRCLASS = {55-01 (19Lxx 55-02 55Rxx 57R20 57R22)},
  MRNUMBER = {MR1249482 (94k:55001)},
MRREVIEWER = {Jo{\v{z}}e Vrabec},
}

@article {ambrose,
    AUTHOR = {Ambrose, W. and Singer, I. M.},
     TITLE = {A theorem on holonomy},
   JOURNAL = {Trans. Amer. Math. Soc.},
  FJOURNAL = {Transactions of the American Mathematical Society},
    VOLUME = {75},
      YEAR = {1953},
     PAGES = {428--443},
      ISSN = {0002-9947},
   MRCLASS = {53.0X},
  MRNUMBER = {MR0063739 (16,172b)},
MRREVIEWER = {A. Lichnerowicz},
}


@book {steenrod,
    AUTHOR = {Steenrod, Norman},
     TITLE = {The {T}opology of {F}ibre {B}undles},
    SERIES = {Princeton Mathematical Series, vol. 14},
 PUBLISHER = {Princeton University Press},
   ADDRESS = {Princeton, N. J.},
      YEAR = {1951},
     PAGES = {viii+224},
   MRCLASS = {56.0X},
  MRNUMBER = {MR0039258 (12,522b)},
MRREVIEWER = {S. Chern},
}

@book {kobayashi2,
    AUTHOR = {Kobayashi, Shoshichi and Nomizu, Katsumi},
     TITLE = {Foundations of differential geometry. {V}ol. {II}},
    SERIES = {Interscience Tracts in Pure and Applied Mathematics, No. 15
              Vol. II },
 PUBLISHER = {Interscience Publishers John Wiley \& Sons, Inc., New
              York-London-Sydney},
      YEAR = {1969},
     PAGES = {xv+470},
   MRCLASS = {53.72},
  MRNUMBER = {MR0238225 (38 \#6501)},
MRREVIEWER = {J. Ells},
}

@book {kobayashi1,
    AUTHOR = {Kobayashi, Shoshichi and Nomizu, Katsumi},
     TITLE = {Foundations of differential geometry. {V}ol {I}},
 PUBLISHER = {Interscience Publishers, a division of John Wiley \& Sons, New
              York-Lond on},
      YEAR = {1963},
     PAGES = {xi+329},
   MRCLASS = {53.00},
  MRNUMBER = {MR0152974 (27 \#2945)},
MRREVIEWER = {J. Eells},
}


@article {picken_holonomy,
    AUTHOR = {Caetano, A. and Picken, R. F.},
     TITLE = {An axiomatic definition of holonomy},
   JOURNAL = {Internat. J. Math.},
  FJOURNAL = {International Journal of Mathematics},
    VOLUME = {5},
      YEAR = {1994},
    NUMBER = {6},
     PAGES = {835--848},
      ISSN = {0129-167X},
   MRCLASS = {53C05 (53C80)},
  MRNUMBER = {MR1298997 (95k:53031)},
MRREVIEWER = {Michael Murray},
       DOI = {10.1142/S0129167X94000425},
       URL = {http://dx.doi.org/10.1142/S0129167X94000425},
}

@article {barrett,
    AUTHOR = {Barrett, J. W.},
     TITLE = {Holonomy and path structures in general relativity and
              {Y}ang-{M}ills theory},
   JOURNAL = {Internat. J. Theoret. Phys.},
  FJOURNAL = {International Journal of Theoretical Physics},
    VOLUME = {30},
      YEAR = {1991},
    NUMBER = {9},
     PAGES = {1171--1215},
      ISSN = {0020-7748},
     CODEN = {IJTPBM},
   MRCLASS = {53C80 (53C05 58Z05 81T13 83C99)},
  MRNUMBER = {MR1122025 (93d:53092)},
MRREVIEWER = {Michael Murray},
       DOI = {10.1007/BF00671007},
       URL = {http://dx.doi.org/10.1007/BF00671007},
}

@article {murray1,
    AUTHOR = {Murray, M. K.},
     TITLE = {Bundle gerbes},
   JOURNAL = {J. London Math. Soc. (2)},
  FJOURNAL = {Journal of the London Mathematical Society. Second Series},
    VOLUME = {54},
      YEAR = {1996},
    NUMBER = {2},
     PAGES = {403--416},
      ISSN = {0024-6107},
     CODEN = {JLMSAK},
   MRCLASS = {55R65},
  MRNUMBER = {MR1405064 (98a:55016)},
MRREVIEWER = {Daniel S. Freed},
}


@MISC{baez-2004,
  author = {John Baez and Urs Schreiber},
  title = {Higher Gauge Theory: 2-Connections on 2-Bundles},
  url = {http://www.citebase.org/abstract?id=oai:arXiv.org:hep-th/0412325},
  year = {2004}
}

@incollection {baezhigher,
    AUTHOR = {Baez, John C. and Schreiber, Urs},
     TITLE = {Higher gauge theory},
 BOOKTITLE = {Categories in algebra, geometry and mathematical physics},
    SERIES = {Contemp. Math.},
    VOLUME = {431},
     PAGES = {7--30},
 PUBLISHER = {Amer. Math. Soc.},
   ADDRESS = {Providence, RI},
      YEAR = {2007},
   MRCLASS = {53C29 (18D99 22A22 53C07 55R65)},
  MRNUMBER = {MR2342821 (2008k:53099)},
MRREVIEWER = {Michael Murray},
}

@MISC{bartels-2004,
  author = {Bartels, Toby},
  title = {Higher gauge theory I: 2-Bundles},
  url = {http://www.citebase.org/abstract?id=oai:arXiv.org:math/0410328},
  year = {2004}
}

@MISC{schreiber-draft,
  author = {Schreiber, Urs},
  title = {Line-2-Bundles and Bundle Gerbes (DRAFT)},
  month = feb,
  year = {2006},
  howpublished={\url{http://www.math.uni-hamburg.de/home/schreiber/Line2Bundle.pdf}}
}

@article {picken_faria,
    AUTHOR = {Martins, Jo{\~a}o Faria and Picken, Roger},
     TITLE = {On two-dimensional holonomy},
   JOURNAL = {Trans. Amer. Math. Soc.},
  FJOURNAL = {Transactions of the American Mathematical Society},
    VOLUME = {362},
      YEAR = {2010},
    NUMBER = {11},
     PAGES = {5657--5695},
      ISSN = {0002-9947},
     CODEN = {TAMTAM},
   MRCLASS = {53C29 (18D05)},
  MRNUMBER = {2661492},
       DOI = {10.1090/S0002-9947-2010-04857-3},
       URL = {http://dx.doi.org/10.1090/S0002-9947-2010-04857-3},
}

@ARTICLE{baezinvitation,
   author = {{Baez}, J.~C. and {Huerta}, J.},
    title = "{An Invitation to Higher Gauge Theory}",
  journal = {ArXiv e-prints},
archivePrefix = "arXiv",
   eprint = {1003.4485},
 keywords = {High Energy Physics - Theory, General Relativity and Quantum Cosmology, Mathematics - Category Theory, Mathematics - Differential Geometry},
     year = 2010,
    month = mar,
   adsurl = {http://adsabs.harvard.edu/abs/2010arXiv1003.4485B},
  adsnote = {Provided by the SAO/NASA Astrophysics Data System}
}



@book {hatcher,
    AUTHOR = {Hatcher, Allen},
     TITLE = {Algebraic topology},
 PUBLISHER = {Cambridge University Press},
   ADDRESS = {Cambridge},
      YEAR = {2002},
     PAGES = {xii+544},
      ISBN = {0-521-79160-X; 0-521-79540-0},
   MRCLASS = {55-01 (55-00)},
  MRNUMBER = {1867354 (2002k:55001)},
MRREVIEWER = {Donald W. Kahn},
}

