@article {sharpe1,
    AUTHOR = {Sharpe, Eric R.},
     TITLE = {Discrete torsion},
   JOURNAL = {Phys. Rev. D (3)},
  FJOURNAL = {Physical Review. D. Third Series},
    VOLUME = {68},
      YEAR = {2003},
    NUMBER = {12},
     PAGES = {126003, 20},
      ISSN = {0556-2821},
     CODEN = {PRVDAQ},
   MRCLASS = {81T30 (53C80)},
  MRNUMBER = {MR2071751 (2005h:81318)},
MRREVIEWER = {Ernesto Lupercio},
       DOI = {10.1103/PhysRevD.68.126003},
       URL = {http://dx.doi.org/10.1103/PhysRevD.68.126003},
}

@MISC{sharpe2,
  author = {Sharpe, Eric R.},
  title = {Discrete Torsion and Gerbes II},
  url = {http://www.citebase.org/abstract?id=oai:arXiv.org:hep-th/9909120},
  year = {1999}
}


@MISC{moerdijk-2002,
  author = {Moerdijk, Ieke},
  title = {Introduction to the language of stacks and gerbes},
  url = {http://www.citebase.org/abstract?id=oai:arXiv.org:math/0212266},
  year = {2002}
}

@ARTICLE{fre-2007-763,
  author = {Pietro Fre' and Pietro Antonio Grassi},
  title = {Pure Spinors, Free Differential Algebras, and the Supermembrane},
  journal = {Nuclear Physics B},
  volume = {763},
  pages = {1},
  url = {doi:10.1016/j.nuclphysb.2006.10.026},
  year = {2007}
}

@ARTICLE{ekstrand-2000-0010,
  author = {C. Ekstrand},
  title = {k-Gerbes, Line Bundles and Anomalies},
  journal = {JHEP},
  volume = {0010},
  pages = {038},
  url = {http://www.citebase.org/abstract?id=oai:arXiv.org:hep-th/0002063},
  year = {2000}
}

@ARTICLE{caicedo-2002-300,
  author = {M.~I. Caicedo and I. Martin and A. Restuccia},
  title = {Gerbes and Duality},
  journal = {ANNALS PHYS.},
  volume = {300},
  pages = {32},
  url = {http://www.citebase.org/abstract?id=oai:arXiv.org:hep-th/0205002},
  year = {2002}
}

@article {MR2192311,
    AUTHOR = {Clingher, Adrian},
     TITLE = {Heterotic string data and theta functions},
   JOURNAL = {Adv. Theor. Math. Phys.},
  FJOURNAL = {Advances in Theoretical and Mathematical Physics},
    VOLUME = {9},
      YEAR = {2005},
    NUMBER = {2},
     PAGES = {173--252},
      ISSN = {1095-0761},
   MRCLASS = {58J90 (17B67 53C80 58J52 81T30)},
  MRNUMBER = {MR2192311 (2006j:58054)},
MRREVIEWER = {Katrin A. M. Wendland},
       URL = {http://projecteuclid.org/getRecord?id=euclid.atmp/1143663717},
}

@MISC{castellani-2005,
  author = {Leonardo Castellani},
  title = {Lie derivatives along antisymmetric tensors, and the M-theory   superalgebra},
  url = {http://www.citebase.org/abstract?id=oai:arXiv.org:hep-th/0508213},
  year = {2005}
}

@ARTICLE{2004JHEP...10..068A,
   author = {{Aschieri}, P. and {Jurco}, B.},
    title = "{Gerbes, M5-Brane Anomalies and $E_{8}$ Gauge Theory}",
  journal = {Journal of High Energy Physics},
   eprint = {arXiv:hep-th/0409200},
 keywords = {Chern-Simons Theories M-Theory Anomalies in Field and String Theories Differential and Algebraic Geometry},
     year = 2004,
    month = oct,
   volume = 10,
    pages = {68-+},
      doi = {10.1088/1126-6708/2004/10/068},
   adsurl = {http://adsabs.harvard.edu/abs/2004JHEP...10..068A},
  adsnote = {Provided by the SAO/NASA Astrophysics Data System}
}


@article {murray2,
    AUTHOR = {Murray, Michael K. and Stevenson, Daniel},
     TITLE = {Higgs fields, bundle gerbes and string structures},
   JOURNAL = {Comm. Math. Phys.},
  FJOURNAL = {Communications in Mathematical Physics},
    VOLUME = {243},
      YEAR = {2003},
    NUMBER = {3},
     PAGES = {541--555},
      ISSN = {0010-3616},
     CODEN = {CMPHAY},
   MRCLASS = {53C07 (57R20 81T30)},
  MRNUMBER = {MR2029365 (2004i:53027)},
MRREVIEWER = {Bernardo Uribe},
       DOI = {10.1007/s00220-003-0984-4},
       URL = {http://dx.doi.org/10.1007/s00220-003-0984-4},
}


@book {mackenzie1,
    AUTHOR = {Mackenzie, K.},
     TITLE = {Lie groupoids and {L}ie algebroids in differential geometry},
    SERIES = {London Mathematical Society Lecture Note Series},
    VOLUME = {124},
 PUBLISHER = {Cambridge University Press},
   ADDRESS = {Cambridge},
      YEAR = {1987},
     PAGES = {xvi+327},
      ISBN = {0-521-34882-X},
   MRCLASS = {58H05 (17B56 20L15 22E60 53C05 55R15)},
  MRNUMBER = {MR896907 (89g:58225)},
MRREVIEWER = {Jean Pradines},
}

@book {mackenzie2,
    AUTHOR = {Mackenzie, Kirill C. H.},
     TITLE = {General theory of {L}ie groupoids and {L}ie algebroids},
    SERIES = {London Mathematical Society Lecture Note Series},
    VOLUME = {213},
 PUBLISHER = {Cambridge University Press},
   ADDRESS = {Cambridge},
      YEAR = {2005},
     PAGES = {xxxviii+501},
      ISBN = {978-0-521-49928-3; 0-521-49928-3},
   MRCLASS = {58H05 (53D17)},
  MRNUMBER = {MR2157566 (2006k:58035)},
MRREVIEWER = {Rui Loja Fernandes},
}


@article {MR2088975,
    AUTHOR = {Carey, Alan L. and Johnson, Stuart and Murray, Michael K.},
     TITLE = {Holonomy on {D}-branes},
   JOURNAL = {J. Geom. Phys.},
  FJOURNAL = {Journal of Geometry and Physics},
    VOLUME = {52},
      YEAR = {2004},
    NUMBER = {2},
     PAGES = {186--216},
      ISSN = {0393-0440},
     CODEN = {JGPHE5},
   MRCLASS = {53C29 (19K56 19L64 81T30)},
  MRNUMBER = {MR2088975 (2005m:53076)},
MRREVIEWER = {Bernardo Uribe},
       DOI = {10.1016/j.geomphys.2004.02.008},
       URL = {http://dx.doi.org/10.1016/j.geomphys.2004.02.008},
}


@article {brown_groupoids,
    AUTHOR = {Brown, Ronald},
     TITLE = {From groups to groupoids: a brief survey},
   JOURNAL = {Bull. London Math. Soc.},
  FJOURNAL = {The Bulletin of the London Mathematical Society},
    VOLUME = {19},
      YEAR = {1987},
    NUMBER = {2},
     PAGES = {113--134},
      ISSN = {0024-6093},
     CODEN = {LMSBBT},
   MRCLASS = {18B40 (01A65 20-02 20L05)},
  MRNUMBER = {MR872125 (87m:18009)},
MRREVIEWER = {Donald M. Davis},
       DOI = {10.1112/blms/19.2.113},
       URL = {http://dx.doi.org/10.1112/blms/19.2.113},
}



@article {brown_a,
    AUTHOR = {Brown, Ronald and Spencer, Christopher B.},
     TITLE = {{$G$}-groupoids, crossed modules and the fundamental groupoid
              of a topological group},
   JOURNAL = {Nederl. Akad. Wetensch. Proc. Ser. A {\bf 79}=Indag. Math.},
    VOLUME = {38},
      YEAR = {1976},
    NUMBER = {4},
     PAGES = {296--302},
   MRCLASS = {20L10 (22A05)},
  MRNUMBER = {MR0419643 (54 \#7661)},
MRREVIEWER = {D. B. Fuks},
}